<?xml version="1.0" encoding="UTF-8"?>
<SOAP-ENV:Envelope xmlns:SOAP-ENV="http://schemas.xmlsoap.org/soap/envelope/" xmlns:mx="http://www.loc.gov/MARC21/slim" xmlns:of="http://oss.dbc.dk/ns/openformat"><SOAP-ENV:Body><of:formatResponse><marc21><mx:record format="MARC21" type="Bibliographic"><mx:leader>00000njm a22000000c 4500</mx:leader><mx:controlfield tag="007">sd|f||g|||m|e|</mx:controlfield><mx:controlfield tag="008">111209s2011    sw ||||          | |und|d</mx:controlfield><mx:datafield ind1="8" ind2=" " tag="024"><mx:subfield code="a">7318590018729</mx:subfield></mx:datafield><mx:datafield ind1="0" ind2="0" tag="028"><mx:subfield code="a">CD-1872</mx:subfield><mx:subfield code="b">BIS</mx:subfield></mx:datafield><mx:datafield ind1="1" ind2=" " tag="029"><mx:subfield code="a">DKDLA</mx:subfield><mx:subfield code="b">870970-basis:29124965</mx:subfield></mx:datafield><mx:datafield ind1=" " ind2=" " tag="040"><mx:subfield code="a">DKDLA</mx:subfield><mx:subfield code="b">dan</mx:subfield><mx:subfield code="c">DKDLA</mx:subfield></mx:datafield><mx:datafield ind1=" " ind2=" " tag="049"><mx:subfield code="a">DK-190101</mx:subfield></mx:datafield><mx:datafield ind1=" " ind2=" " tag="084"><mx:subfield code="a">78.412-42</mx:subfield><mx:subfield code="2">z</mx:subfield></mx:datafield><mx:datafield ind1="1" ind2=" " tag="100"><mx:subfield code="a">Nørgård, Per,</mx:subfield><mx:subfield code="d">f. 1932</mx:subfield></mx:datafield><mx:datafield ind1="1" ind2="0" tag="240"><mx:subfield code="a">Koncert for violin og orkester nr. 1</mx:subfield></mx:datafield><mx:datafield ind1="1" ind2="0" tag="245"><mx:subfield code="a">Violin concertos nos 1 &amp; 2</mx:subfield><mx:subfield code="h">[lydoptagelse] /</mx:subfield><mx:subfield code="c">Per Nørgård</mx:subfield></mx:datafield><mx:datafield ind1=" " ind2=" " tag="260"><mx:subfield code="b">BIS,</mx:subfield><mx:subfield code="c">p 2011</mx:subfield></mx:datafield><mx:datafield ind1=" " ind2=" " tag="300"><mx:subfield code="a">1 cd +</mx:subfield><mx:subfield code="e">1 kommentarbilag</mx:subfield></mx:datafield><mx:datafield ind1=" " ind2=" " tag="500"><mx:subfield code="a">Indspillet i Stavanger Konserthus, Norge august 2010</mx:subfield></mx:datafield><mx:datafield ind1=" " ind2=" " tag="500"><mx:subfield code="a">Plademærke: BIS. Forlagsnummer: CD-1872</mx:subfield></mx:datafield><mx:datafield ind1="8" ind2=" " tag="505"><mx:subfield code="a">Indhold: Nørgård, Per, f. 1932: Koncert for violin og orkester nr. 1 : Helle Nacht / Peter Herresthal, violin -- Nørgård, Per, f. 1932: Tidsrum : for orkester med klaver / Ida Mo, klaver -- Nørgård, Per, f. 1932: Koncert for violin og orkester nr. 2 : Borderlines / Peter Herresthal, violin</mx:subfield></mx:datafield><mx:datafield ind1="0" ind2=" " tag="511"><mx:subfield code="a">Stavanger Symphony Orchestra ; dirigent: Rolf Gupta ; recording producer: Martin Nagomi</mx:subfield></mx:datafield><mx:datafield ind1=" " ind2="4" tag="655"><mx:subfield code="a">violinkoncert</mx:subfield><mx:subfield code="y">1980-1989</mx:subfield><mx:subfield code="y">1990-1999</mx:subfield><mx:subfield code="y">2000-2009</mx:subfield><mx:subfield code="z">Danmark</mx:subfield></mx:datafield><mx:datafield ind1=" " ind2="4" tag="655"><mx:subfield code="a">instrumental</mx:subfield><mx:subfield code="y">1980-1989</mx:subfield><mx:subfield code="y">1990-1999</mx:subfield><mx:subfield code="y">2000-2009</mx:subfield><mx:subfield code="z">Danmark</mx:subfield></mx:datafield><mx:datafield ind1=" " ind2="4" tag="655"><mx:subfield code="a">violin</mx:subfield><mx:subfield code="y">1980-1989</mx:subfield><mx:subfield code="y">1990-1999</mx:subfield><mx:subfield code="y">2000-2009</mx:subfield><mx:subfield code="z">Danmark</mx:subfield></mx:datafield><mx:datafield ind1=" " ind2="4" tag="655"><mx:subfield code="a">orkester</mx:subfield><mx:subfield code="y">1980-1989</mx:subfield><mx:subfield code="y">1990-1999</mx:subfield><mx:subfield code="y">2000-2009</mx:subfield><mx:subfield code="z">Danmark</mx:subfield></mx:datafield><mx:datafield ind1="1" ind2=" " tag="700"><mx:subfield code="a">Gupta, Rolf</mx:subfield></mx:datafield><mx:datafield ind1="1" ind2=" " tag="700"><mx:subfield code="a">Herresthal, Peter</mx:subfield></mx:datafield><mx:datafield ind1="1" ind2=" " tag="700"><mx:subfield code="a">Mo, Ida</mx:subfield></mx:datafield><mx:datafield ind1="1" ind2="2" tag="700"><mx:subfield code="a">Nørgård, Per,</mx:subfield><mx:subfield code="d">f. 1932</mx:subfield><mx:subfield code="t">Koncert for violin og orkester nr. 1 : Helle Nacht / Peter Herresthal, violin</mx:subfield></mx:datafield><mx:datafield ind1="1" ind2="2" tag="700"><mx:subfield code="a">Nørgård, Per,</mx:subfield><mx:subfield code="d">f. 1932</mx:subfield><mx:subfield code="t">Tidsrum : for orkester med klaver / Ida Mo, klaver</mx:subfield></mx:datafield><mx:datafield ind1="1" ind2="2" tag="700"><mx:subfield code="a">Nørgård, Per,</mx:subfield><mx:subfield code="d">f. 1932</mx:subfield><mx:subfield code="t">Koncert for violin og orkester nr. 2 : Borderlines / Peter Herresthal, violin</mx:subfield></mx:datafield><mx:datafield ind1="2" ind2=" " tag="710"><mx:subfield code="a">Stavangers Symfoniorkester</mx:subfield></mx:datafield><mx:datafield ind1=" " ind2=" " tag="901"><mx:subfield code="a">784</mx:subfield></mx:datafield></mx:record><hs activity="insert">DKDLA</hs><hasLHR>false</hasLHR></marc21></of:formatResponse></SOAP-ENV:Body></SOAP-ENV:Envelope>
